@article{sandwell,
    author = "Walter Smith and David Sandwell",
    title = "Global Seafloor Topography from Satelite Altimetry and Ship Depth Soundings",
    journal = "SCIENCE",
    volume = "277",
    pages = "1956--1962",
    year = "1992",
}

@article{buzbee,
    author = "B. L. Buzbee",
    title = "The Efficency of Parallel Processing",
    journal = "Frontiers of Supercomputing",
    year="1983",
    pages="71"
}